<record><leader>00000cas a2200000 a 4500</leader><controlfield tag="001">11049176</controlfield><controlfield tag="008">840813d18711962vauwr ne      0   a0eng d</controlfield><controlfield tag="009">3770</controlfield><datafield ind1=" " ind2=" " tag="010"><subfield code="a">sn 84024716 </subfield></datafield><datafield ind1=" " ind2=" " tag="040"><subfield code="a">NPV</subfield><subfield code="b">eng</subfield><subfield code="c">NPV</subfield><subfield code="d">NPU</subfield><subfield code="d">NPX</subfield><subfield code="d">DLC</subfield><subfield code="d">KNP</subfield><subfield code="d">CNK</subfield><subfield code="d">NVK</subfield><subfield code="d">OCL</subfield><subfield code="d">DLC</subfield><subfield code="d">NVK</subfield><subfield code="d">OCLCF</subfield></datafield><datafield ind1=" " ind2=" " tag="012"><subfield code="l">a</subfield></datafield><datafield ind1="1" ind2=" " tag="022"><subfield code="a">2157-1287</subfield><subfield code="2">1</subfield></datafield><datafield ind1=" " ind2=" " tag="042"><subfield code="a">msc</subfield><subfield code="a">nsdp</subfield></datafield><datafield ind1=" " ind2=" " tag="043"><subfield code="a">n-us-va</subfield></datafield><datafield ind1="0" ind2="0" tag="050"><subfield code="a">Newspaper</subfield></datafield><datafield ind1="0" ind2=" " tag="130"><subfield code="a">Lexington gazette (Lexington, Va. : 1871)</subfield></datafield><datafield ind1=" " ind2="0" tag="222"><subfield code="a">Lexington gazette (Lexington, Va. 1871)</subfield></datafield><datafield ind1="1" ind2="0" tag="245"><subfield code="a">Lexington gazette.</subfield></datafield><datafield ind1="0" ind2="7" tag="246"><subfield code="a">Lexington gazette and general advertiser</subfield></datafield><datafield ind1="0" ind2="7" tag="246"><subfield code="a">Lexington gazette and citizen</subfield><subfield code="f">&lt;May 15, 1874-Mar. 14, 1889&gt;</subfield></datafield><datafield ind1="0" ind2="7" tag="246"><subfield code="a">Gazette</subfield></datafield><datafield ind1=" " ind2=" " tag="260"><subfield code="a">Lexington, Va. :</subfield><subfield code="b">Lafferty &amp; Co.,</subfield><subfield code="c">1871-1962.</subfield></datafield><datafield ind1=" " ind2=" " tag="300"><subfield code="a">v. :</subfield><subfield code="b">ill. ;</subfield><subfield code="c">69-71 cm.</subfield></datafield><datafield ind1=" " ind2=" " tag="310"><subfield code="a">Weekly</subfield></datafield><datafield ind1=" " ind2=" " tag="321"><subfield code="a">Semiweekly,</subfield><subfield code="b">Nov. 15, 1935-Jan.24, 1936</subfield></datafield><datafield ind1="0" ind2=" " tag="362"><subfield code="a">Vol. 3, no. 41 (Nov. 3, 1871)-v. 161, no. 26 (Jun. 27, 1962).</subfield></datafield><datafield ind1=" " ind2=" " tag="500"><subfield code="a">"Devoted to the Progressive Upbuilding of Lexington and Rockbridge County."</subfield></datafield><datafield ind1=" " ind2=" " tag="500"><subfield code="a">Publisher: Barclay &amp; Co. &lt;May 15, 1874&gt;; J. Scott Moore &amp; Wm. R. Kennedy, &lt;1902-1906&gt;; William R. Kennedy, &lt;1907-    &gt;; Gazette Pub. Co., Dec. 13, 1933-&lt;1962&gt;.</subfield></datafield><datafield ind1=" " ind2=" " tag="500"><subfield code="a">Includes Bi-centennial issue Dec. 16, 1938.</subfield></datafield><datafield ind1=" " ind2=" " tag="515"><subfield code="a">Issue for May 23, 1873 numbered: new ser., v. 5, no. 30; Issue for May 14, 1875 numbered: v. 7, no. 20; Issue for Aug. 28, 1884 numbered: v. 80, no. 37.</subfield></datafield><datafield ind1=" " ind2=" " tag="525"><subfield code="a">Published Natural Bridge High School supplement called: The Bridge bulletin, &lt;1950&gt;.</subfield></datafield><datafield ind1=" " ind2=" " tag="530"><subfield code="a">Also available on microfilm from Bell &amp; Howell, Micro Photo Div.</subfield></datafield><datafield ind1=" " ind2=" " tag="530"><subfield code="a">Archived issues are available in digital format as part of the Library of Congress Chronicling America online collection.</subfield></datafield><datafield ind1=" " ind2="0" tag="651"><subfield code="a">Lexington (Va.)</subfield><subfield code="v">Newspapers.</subfield></datafield><datafield ind1=" " ind2="0" tag="651"><subfield code="a">Rockbridge County (Va.)</subfield><subfield code="v">Newspapers.</subfield></datafield><datafield ind1=" " ind2="7" tag="655"><subfield code="a">Newspapers.</subfield><subfield code="2">fast</subfield><subfield code="0">(OCoLC)fst01423814</subfield></datafield><datafield ind1=" " ind2="7" tag="651"><subfield code="a">Virginia</subfield><subfield code="z">Lexington.</subfield><subfield code="2">fast</subfield><subfield code="0">(OCoLC)fst01205029</subfield></datafield><datafield ind1=" " ind2="7" tag="651"><subfield code="a">Virginia</subfield><subfield code="z">Rockbridge County.</subfield><subfield code="2">fast</subfield><subfield code="0">(OCoLC)fst01216597</subfield></datafield><datafield ind1=" " ind2=" " tag="752"><subfield code="a">United States</subfield><subfield code="b">Virginia</subfield><subfield code="d">Lexington.</subfield></datafield><datafield ind1="0" ind2=" " tag="775"><subfield code="t">Lexington gazette (Lexington, Va. : Daily)</subfield><subfield code="w">(DLC)sn 84024722</subfield></datafield><datafield ind1="0" ind2="0" tag="780"><subfield code="t">Virginia gazette (Lexington, Va. : 1869)</subfield><subfield code="w">(DLC)sn 84024715</subfield></datafield><datafield ind1="0" ind2="5" tag="780"><subfield code="t">Rockbridge citizen (Lexington, Va. : 1871: Weekly)</subfield><subfield code="w">(DLC)sn 85034344</subfield></datafield><datafield ind1="0" ind2="7" tag="785"><subfield code="t">Rockbridge county news</subfield><subfield code="w">(DLC)sn 84024651</subfield></datafield><datafield ind1="0" ind2="7" tag="785"><subfield code="t">News-gazette (Lexington, Va. : 1962)</subfield><subfield code="w">(DLC)sn 99066821</subfield></datafield><datafield ind1="4" ind2="1" tag="856"><subfield code="u">http://www.loc.gov/chroniclingamerica/lccn/sn84024716/issues</subfield></datafield><datafield ind1="4" ind2="1" tag="856"><subfield code="u">http://www.virginiachronicle.com/</subfield></datafield></record>